@misc{DragonEgg,
title = {{DragonEgg - Using LLVM as a GCC backend.\\\url{http://dragonegg.llvm.org/}}},
Date-Added = {2010-07-19 19:41:14 +0800},
Date-Modified = {2010-07-19 19:44:18 +0800},
year = {2009},
rating = {0} 
}

@misc{LLVM-IR,
title = {{LLVM Language Reference Manual}},
Date-Added = {2010-07-19 20:23:15 +0800},
Date-Modified = {2010-07-19 20:23:18 +0800},
year = {2010},
Howpublished= {\url{http://llvm.org/docs/LangRef.html}},
rating = {0} 
}

@misc{LLVM-Bitcode,
title = {{LLVM Bitcode File Format}},
Date-Added = {2010-07-19 20:23:15 +0800},
Date-Modified = {2010-07-19 20:23:18 +0800},
year = {2010},
Howpublished= {\url{http://llvm.org/docs/BitCodeFormat.html}},
rating = {0} 
}

@article{OpenMP30Spec,
title = {{OpenMP Application 3 Program Interface}},
author = {{OpenMP Architecture Review Board}},
year = {2008},
month = {May},
date-added = {2010-07-21 10:26:03 +0800},
date-modified = {2010-07-21 10:29:14 +0800},
URL = {http://www.openmp.org/mp-documents/spec30.pdf},
rating = {0}
}

@misc{Helgrind,
title = {{Valgrind project. Helgrind: a thread error detector.\\\url{http://valgrind.org/docs/manual/hg-manual.html}}},
Date-Added = {2010-07-19 20:23:15 +0800},
Date-Modified = {2010-07-19 20:23:18 +0800},
year = {2010},
rating = {0} 
}
