%% This BibTeX bibliography file in UTF-8 format was created using Papers.
%% http://mekentosj.com/papers/

@misc{increasing-phones,
    Date-Added = {2011-05-19 19:10:19 +0800},
    Date-Modified = {2011-05-19 19:51:52 +0800},
    Keywords = {gartner},
    Month = {August},
    Title = {{Competitive Landscape: Mobile Devices, Worldwide, 2Q10. \\\url{http://www.gartner.com/it/page.jsp?id=1421013}}},
    Year = {2010}}

@misc{gamepercent1,
    Date-Added = {2011-05-19 19:29:29 +0800},
    Date-Modified = {2011-05-19 19:52:29 +0800},
    Month = {January},
    Title = {{Distimo Mobile World Congress 2010 Presentation - Mobile Application Stores State of Play. \url{http://www.slideshare.net/distimo/distimo-mobile-world-congress-2010-presentation-mobile-application-stores-state-of-play?from=ss_embed}}},
    Year = {2010}}

@misc{gamepercent2,
    Date-Added = {2011-05-19 19:28:39 +0800},
    Date-Modified = {2011-05-19 19:53:54 +0800},
    Title = {{Distimo Custom Report. \url{http://report.distimo.com/files/2011/04/Distimo-Custom-Report-Example-April-2011.xlsx}}},
    Month = {April},
    Year = {2011}}

@misc{attract-game-developer,
    Date-Added = {2011-05-08 16:25:43 +0800},
    Date-Modified = {2011-05-19 19:55:59 +0800},
    Month = {April},
    Title = {{Android Market attracts game developers, seeks steep growth. \url{http://www.androidapps.com/games/articles/7682-android-market-attracts-game-developers-seeks-steep-growth}}},
    Year = {2011},
    Bdsk-Url-1 = {http://www.androidapps.com/games/articles/7682-android-market-attracts-game-developers-seeks-steep-growth}}

@misc{renderscript-graphics,
    Date-Added = {2011-05-16 23:22:14 +0800},
    Date-Modified = {2011-05-19 19:54:57 +0800},
    Month = {May},
    Title = {{3D Rendering and Computation with Renderscript. \url{http://developer.android.com/guide/topics/graphics/renderscript.html}}},
    Year = {2011}}

@misc{renderscript-part1,
    Author = {R. Jason Sams},
    Date-Added = {2011-05-23 10:24:02 +0800},
    Date-Modified = {2011-05-23 10:24:47 +0800},
    Month = {February},
    Title = {{Introducing Renderscript. \url{http://android-developers.blogspot.com/2011/02/introducing-renderscript.html}}},
    Year = {2011},
    Bdsk-Url-1 = {http://android-developers.blogspot.com/2011/03/renderscript.html}}

@misc{renderscript-part2,
    Author = {R. Jason Sams},
    Date-Added = {2011-05-08 17:50:07 +0800},
    Date-Modified = {2011-05-19 19:52:45 +0800},
    Month = {March},
    Title = {{Renderscript Part 2. \url{http://android-developers.blogspot.com/2011/03/renderscript.html}}},
    Year = {2011},
    Bdsk-Url-1 = {http://android-developers.blogspot.com/2011/03/renderscript.html}}

@misc{package-summary,
    Date-Added = {2011-07-09 21:24:21 +0800},
    Date-Modified = {2011-07-09 21:25:12 +0800},
    Title = {RenderScript package summary \url{http:/Developer//developer.android.com/reference/android/renderscript/package-summary.html}}}

@misc{3d-rs,
    Date-Added = {2011-07-09 21:22:23 +0800},
    Date-Modified = {201011-07-09 21:23:51 +0800},
    Title = {3D with Renderscript dev guide \url{http://developer.android.com/guide/topics/renderscript/index.html}}}

@misc{native-rs-api,
    Date-Added = {2011-08-01 03:36:38 +0000},
    Date-Modified = {2011-08-01 03:37:11 +0000},
    Month = {July},
    Title = {{RenderScript native API specification \url{http://code.google.com/p/renderscript-examples/wiki/rs_math}}},
    Year = {2011}}
